@online{Habr1,
  author   = {Александр Никитин},
  title    = {Цифровые двойники в промышленности и не только},
  url      = {https://habr.com/ru/articles/728556/},
  date     = {2023-04-12},
  urldate  = {2023-04-17},
  language = {russian}
}

@online{Habr2,
  author   = {Александр Никитин},
  title    = {Цифровой двойник --- что это такое? Объемная картинка или работающий актив?},
  url      = {https://habr.com/ru/articles/718060/},
  date     = {2023-02-20},
  urldate  = {2023-04-17},
  language = {russian}
}

@online{two-pointers,
  author   = {LeetCode},
  title    = {Two-pointer technique},
  language = {english},
  langid   = {english},
  url      = {https://leetcode.com/articles/two-pointer-technique/},
  urldate  = {2023-07-27}
}

@online{dfs1,
  author   = {Алгоритмика},
  title    = {Поиск в глубину},
  url      = {https://ru.algorithmica.org/cs/graph-traversals/dfs/},
  urldate  = {2023-04-17},
  language = {russian}
}

@online{dfs2,
  author   = {Викиконспекты},
  title    = {Обход в глубину, цвета вершин},
  url      = {https://neerc.ifmo.ru/wiki/index.php?title=%D0%9E%D0%B1%D1%85%D0%BE%D0%B4_%D0%B2_%D0%B3%D0%BB%D1%83%D0%B1%D0%B8%D0%BD%D1%83,_%D1%86%D0%B2%D0%B5%D1%82%D0%B0_%D0%B2%D0%B5%D1%80%D1%88%D0%B8%D0%BD},
  urldate  = {2023-04-17},
  language = {russian}
}

@online{rooted-trees,
  author   = {Алгоритмика},
  title    = {Корневые деревья},
  url      = {https://ru.algorithmica.org/cs/trees/},
  urldate  = {2023-04-17},
  language = {russian}
}

@online{Python,
  title    = {About Python},
  language = {english},
  langid   = {english},
  url      = {https://www.python.org/about/},
  urldate  = {2023-07-27}
}

@online{numpy,
  title    = {Numpy},
  language = {english},
  langid   = {english},
  url      = {https://numpy.org/},
  urldate  = {2023-07-27}
}

@online{FastAPI,
  title    = {FastAPI},
  language = {english},
  langid   = {english},
  url      = {https://fastapi.tiangolo.com/},
  urldate  = {2023-07-27}
}

@online{swaggerui,
  title    = {Swagger UI - REST API Documentation Tool},
  language = {english},
  langid   = {english},
  url      = {https://swagger.io/tools/swagger-ui/},
  urldate  = {2023-07-27}
}

@online{OpenAPI,
  title    = {OpenAPI Specification - Version 3.0.3 - Swagger},
  language = {english},
  langid   = {english},
  url      = {https://swagger.io/specification/},
  urldate  = {2023-07-27}
}

@online{SQLAlchemy,
  title    = {SQLAlchemy - The Database Toolkit for Python},
  language = {english},
  langid   = {english},
  url      = {https://www.sqlalchemy.org/},
  urldate  = {2023-07-27}
}

@online{Docker,
  title    = {Docker: Accelerated, Containerized Application Development},
  language = {english},
  langid   = {english},
  url      = {https://www.docker.com/},
  urldate  = {2023-07-27}
}

@online{Docker-Compose,
  title    = {Docker Compose overview | Docker Documentation},
  language = {english},
  langid   = {english},
  url      = {https://docs.docker.com/compose/},
  urldate  = {2023-07-27}
}

@online{Habr-VM,
  title    = {VM или Docker?},
  url      = {https://habr.com/ru/articles/474068/},
  date     = {2019-10-31},
  urldate  = {2023-04-17},
  language = {russian}
}

@online{postgresql,
  title    = {PostgreSQL: The world's most advanced open source database},
  language = {english},
  langid   = {english},
  url      = {https://www.postgresql.org/},
  urldate  = {2023-07-27}
}

@online{clickhouse,
  title    = {Что такое ClickHouse | ClickHouse Docs},
  url      = {https://clickhouse.com/docs/ru},
  urldate  = {2023-04-17},
  language = {russian}
}

@online{XOR,
  author   = {Викиконспекты},
  title    = {Побитовые операции},
  url      = {https://neerc.ifmo.ru/wiki/index.php?title=%D0%9F%D0%BE%D0%B1%D0%B8%D1%82%D0%BE%D0%B2%D1%8B%D0%B5_%D0%BE%D0%BF%D0%B5%D1%80%D0%B0%D1%86%D0%B8%D0%B8},
  urldate  = {2023-04-17},
  language = {russian}
}

@online{graphs,
  author   = {Викиконспекты},
  title    = {Основные определения теории графов},
  url      = {https://neerc.ifmo.ru/wiki/index.php?title=%D0%9E%D1%81%D0%BD%D0%BE%D0%B2%D0%BD%D1%8B%D0%B5_%D0%BE%D0%BF%D1%80%D0%B5%D0%B4%D0%B5%D0%BB%D0%B5%D0%BD%D0%B8%D1%8F_%D1%82%D0%B5%D0%BE%D1%80%D0%B8%D0%B8_%D0%B3%D1%80%D0%B0%D1%84%D0%BE%D0%B2},
  urldate  = {2023-04-17},
  language = {russian}
}

@online{Graphviz,
  title    = {Graphviz},
  language = {english},
  langid   = {english},
  url      = {https://graphviz.org/},
  urldate  = {2023-07-27}
}

@online{Graphviz-formats,
  title    = {Output formats - Graphviz},
  language = {english},
  langid   = {english},
  url      = {https://graphviz.org/docs/outputs/},
  urldate  = {2023-07-27}
}